<record><leader>00000cas a2200000 i 4500</leader><controlfield tag="001">29216654</controlfield><controlfield tag="008">931029d185018uumdumr pe      0    0eng d</controlfield><datafield ind1=" " ind2=" " tag="010"><subfield code="a">sn 93065649 </subfield></datafield><datafield ind1=" " ind2=" " tag="040"><subfield code="a">NVJ</subfield><subfield code="b">eng</subfield><subfield code="e">rda</subfield><subfield code="c">NVJ</subfield><subfield code="d">OCLCQ</subfield><subfield code="d">NDD</subfield><subfield code="d">OCLCA</subfield></datafield><datafield ind1=" " ind2=" " tag="042"><subfield code="a">msc</subfield></datafield><datafield ind1="1" ind2="4" tag="050"><subfield code="a">Z478.6.B358</subfield><subfield code="b">T39</subfield></datafield><datafield ind1="0" ind2="0" tag="245"><subfield code="a">Taylor's Literary Bulletin.</subfield></datafield><datafield ind1=" " ind2="1" tag="264"><subfield code="3">1850- :</subfield><subfield code="a">Baltimore, Md. :</subfield><subfield code="b">William Taylor &amp; Co.</subfield></datafield><datafield ind1="3" ind2="1" tag="264"><subfield code="3">&lt;1854-&gt; :</subfield><subfield code="a">Baltimore, Md. :</subfield><subfield code="b">Henry Taylor &amp; Co.</subfield></datafield><datafield ind1=" " ind2=" " tag="300"><subfield code="a">volumes ;</subfield><subfield code="c">45-55 cm</subfield></datafield><datafield ind1=" " ind2=" " tag="310"><subfield code="a">Monthly</subfield></datafield><datafield ind1=" " ind2=" " tag="336"><subfield code="a">text</subfield><subfield code="b">txt</subfield><subfield code="2">rdacontent</subfield></datafield><datafield ind1=" " ind2=" " tag="337"><subfield code="a">unmediated</subfield><subfield code="b">n</subfield><subfield code="2">rdamedia</subfield></datafield><datafield ind1=" " ind2=" " tag="338"><subfield code="a">volume</subfield><subfield code="b">nc</subfield><subfield code="2">rdacarrier</subfield></datafield><datafield ind1="1" ind2=" " tag="362"><subfield code="a">Began in October, 1850.</subfield></datafield><datafield ind1=" " ind2=" " tag="520"><subfield code="a">Contains publisher and bookseller's offerings, brief literary excerpts and Baltimore announcements and advertisements.</subfield></datafield><datafield ind1=" " ind2=" " tag="588"><subfield code="a">Description based on: Vol. 1, no. 7 (April 1851); title from caption.</subfield></datafield><datafield ind1=" " ind2=" " tag="588"><subfield code="a">Latest issue consulted: New series, Vol. 1, no. 12 (May 1854).</subfield></datafield><datafield ind1="2" ind2="0" tag="610"><subfield code="a">William Taylor &amp; Co.</subfield><subfield code="v">Catalogs.</subfield></datafield><datafield ind1="2" ind2="0" tag="610"><subfield code="a">Henry Taylor &amp; Co.</subfield><subfield code="v">Catalogs.</subfield></datafield><datafield ind1=" " ind2="0" tag="650"><subfield code="a">Publishers' catalogs</subfield><subfield code="z">Maryland</subfield><subfield code="z">Baltimore</subfield><subfield code="v">Periodicals.</subfield></datafield><datafield ind1="2" ind2=" " tag="710"><subfield code="a">William Taylor &amp; Co.,</subfield><subfield code="e">publisher.</subfield></datafield><datafield ind1="2" ind2=" " tag="710"><subfield code="a">Henry Taylor &amp; Co.,</subfield><subfield code="e">publisher.</subfield></datafield><datafield ind1=" " ind2=" " tag="752"><subfield code="a">United States</subfield><subfield code="b">Maryland</subfield><subfield code="d">Baltimore.</subfield></datafield></record>